<record><leader>00000cas a22000007a 4500</leader><controlfield tag="001">29994440</controlfield><controlfield tag="008">940321d19931999tnuwr ne      0    0eng d</controlfield><datafield ind1=" " ind2=" " tag="010"><subfield code="a">sn 99065868 </subfield></datafield><datafield ind1=" " ind2=" " tag="040"><subfield code="a">TTU</subfield><subfield code="b">eng</subfield><subfield code="c">TTU</subfield><subfield code="d">OCL</subfield><subfield code="d">TGN</subfield><subfield code="d">OCLCQ</subfield><subfield code="d">OCLCF</subfield><subfield code="d">OCLCO</subfield></datafield><datafield ind1=" " ind2=" " tag="042"><subfield code="a">msc</subfield></datafield><datafield ind1=" " ind2=" " tag="043"><subfield code="a">n-us-tn</subfield></datafield><datafield ind1=" " ind2=" " tag="090"><subfield code="a">AN1</subfield><subfield code="b">.W478</subfield></datafield><datafield ind1="0" ind2="0" tag="245"><subfield code="a">West Side/Farragut press enterprise.</subfield></datafield><datafield ind1="1" ind2="7" tag="246"><subfield code="a">Press enterprise</subfield></datafield><datafield ind1="3" ind2="0" tag="246"><subfield code="a">Farragut press enterprise</subfield></datafield><datafield ind1="3" ind2="0" tag="246"><subfield code="a">West Side press enterprise</subfield></datafield><datafield ind1=" " ind2=" " tag="260"><subfield code="a">Farragut, Tenn. :</subfield><subfield code="b">Press Enterprise, Inc.,</subfield><subfield code="c">1993-1999.</subfield></datafield><datafield ind1=" " ind2=" " tag="300"><subfield code="a">v. :</subfield><subfield code="b">ill. ;</subfield><subfield code="c">58 cm.</subfield></datafield><datafield ind1=" " ind2=" " tag="310"><subfield code="a">Weekly</subfield></datafield><datafield ind1="0" ind2=" " tag="362"><subfield code="a">Vol. 5, no. 21 (Feb. 3, 1993)-v. 11, no. 22 (Feb. 3, 1999).</subfield></datafield><datafield ind1=" " ind2="0" tag="651"><subfield code="a">Farragut (Tenn.)</subfield><subfield code="v">Newspapers.</subfield></datafield><datafield ind1=" " ind2="0" tag="651"><subfield code="a">Knox County (Tenn.)</subfield><subfield code="v">Newspapers.</subfield></datafield><datafield ind1=" " ind2="7" tag="655"><subfield code="a">Newspapers.</subfield><subfield code="2">fast</subfield><subfield code="0">(OCoLC)fst01423814</subfield></datafield><datafield ind1=" " ind2="7" tag="651"><subfield code="a">Tennessee</subfield><subfield code="z">Farragut.</subfield><subfield code="2">fast</subfield><subfield code="0">(OCoLC)fst01226758</subfield></datafield><datafield ind1=" " ind2="7" tag="651"><subfield code="a">Tennessee</subfield><subfield code="z">Knox County.</subfield><subfield code="2">fast</subfield><subfield code="0">(OCoLC)fst01215247</subfield></datafield><datafield ind1=" " ind2=" " tag="752"><subfield code="a">United States</subfield><subfield code="b">Tennessee</subfield><subfield code="c">Knox</subfield><subfield code="d">Farragut.</subfield></datafield><datafield ind1="0" ind2="0" tag="780"><subfield code="t">Press enterprise (Farragut, Tenn. : 1992)</subfield><subfield code="w">(DLC)sn 99065870</subfield></datafield><datafield ind1="0" ind2="0" tag="785"><subfield code="t">Press enterprise (Farragut, Tenn. : 1999)</subfield><subfield code="w">(DLC)sn 99065869</subfield></datafield></record>